<record><leader>00000cas a2200000 a 4500</leader><controlfield tag="001">31441673</controlfield><controlfield tag="007">hd bfu---baat</controlfield><controlfield tag="007">hd afu---bact</controlfield><controlfield tag="008">941110d19051905nbuwr nea     0    0eng d</controlfield><datafield ind1=" " ind2=" " tag="010"><subfield code="a">sn 94056512 </subfield></datafield><datafield ind1=" " ind2=" " tag="040"><subfield code="a">NVG</subfield><subfield code="b">eng</subfield><subfield code="c">NVG</subfield><subfield code="d">OCL</subfield><subfield code="d">OCLCQ</subfield></datafield><datafield ind1=" " ind2=" " tag="042"><subfield code="a">msc</subfield></datafield><datafield ind1=" " ind2=" " tag="043"><subfield code="a">n-us-nb</subfield></datafield><datafield ind1="0" ind2="0" tag="245"><subfield code="a">Gothenburg independent and Gothenburg sun</subfield><subfield code="h">[microform].</subfield></datafield><datafield ind1="3" ind2="0" tag="246"><subfield code="a">Independent-sun</subfield></datafield><datafield ind1=" " ind2=" " tag="260"><subfield code="a">Gothenburg, Dawson County, Neb. :</subfield><subfield code="b">H.C. Booker,</subfield><subfield code="c">1905-</subfield></datafield><datafield ind1=" " ind2=" " tag="300"><subfield code="a">v.</subfield></datafield><datafield ind1=" " ind2=" " tag="310"><subfield code="a">Weekly</subfield></datafield><datafield ind1="0" ind2=" " tag="362"><subfield code="a">Vol. 20, no. [39] (Jan. 5, 1905)-v. 21, no. 31 (Nov. 9, 1905).</subfield></datafield><datafield ind1=" " ind2=" " tag="580"><subfield code="a">Formed by the union of: Gothenburg independent, and: Gothenburg sun.</subfield></datafield><datafield ind1=" " ind2=" " tag="533"><subfield code="a">Microfilm.</subfield><subfield code="m">Jan. 5,1905.</subfield><subfield code="b">Lincoln, Neb. :</subfield><subfield code="c">Nebraska State Historical Society.</subfield><subfield code="e">1 microfilm reels ; 35 mm.</subfield></datafield><datafield ind1=" " ind2=" " tag="752"><subfield code="a">United States</subfield><subfield code="b">Nebraska</subfield><subfield code="c">Dawson</subfield><subfield code="d">Gothenburg.</subfield></datafield><datafield ind1="1" ind2="4" tag="780"><subfield code="t">Gothenburg independent</subfield><subfield code="w">(DLC)sn 94056510</subfield></datafield><datafield ind1="1" ind2="4" tag="780"><subfield code="t">Gothenburg sun</subfield><subfield code="w">(DLC)sn 94056511</subfield></datafield><datafield ind1="0" ind2="0" tag="785"><subfield code="t">Gothenburg independent (Gothenburg, Neb. : 1908)</subfield><subfield code="w">(DLC)sn 94056513</subfield></datafield><datafield ind1="1" ind2=" " tag="029"><subfield code="a">AU@</subfield><subfield code="b">000011358028</subfield></datafield></record>